<?xml version="1.0" encoding="UTF-8"?><collection xmlns="http://www.loc.gov/MARC21/slim"><record><leader>00375nam--2200145-i-4500</leader><controlfield tag="001">000032989</controlfield><controlfield tag="002">20161230</controlfield><controlfield tag="005">20161230201039</controlfield><controlfield tag="008">060222s1000------------r-----000-0-eng-d</controlfield><datafield ind1=" " ind2=" " tag="080"><subfield code="a">514.755</subfield></datafield><datafield ind1=" " ind2=" " tag="100"><subfield code="a">Mihailescu, Tiberiu</subfield></datafield><datafield ind1=" " ind2=" " tag="245"><subfield code="a">Geometrie diferentiala proiectiva</subfield></datafield><datafield ind1=" " ind2=" " tag="260"><subfield code="a">Bucuresti, Ed.Acad.Rpr.,1958. 493p</subfield></datafield><datafield ind1=" " ind2=" " tag="852"><subfield code="a">47604</subfield><subfield code="c">513</subfield></datafield><datafield ind1=" " ind2=" " tag="CAT"><subfield code="a">Sys</subfield><subfield code="c">20080528</subfield><subfield code="h">111208</subfield></datafield></record></collection>